@online{url_kantar,
    author      = "Ukendt-forfatter",
    title       = "Kantar seer-undersøgelse",
    url        = "\url{http://tvm.tns-gallup.dk/tvm/pm/2020/pm2003_Consolidated.htm}",
    node        = "Last accessed 26 May 2021"
}

@online{url_case,
    author      = "TV2 og SDU",
    title       = "Credits Management, A case by TV 2 Denmark A/S",
    url        = "\url{https://docs.google.com/document/d/1p6lQjWV76TX9uTLst2OAdmV07XfMRn5fObelzBpd2EI/edit}",
    note        = "Last accessed 26 May 2021"
}

@book{book:sommeville_software_engineering,
   author={Ian Sommerville},
   title={Software Engineering },
   subtitle={Global Edition},
   year={2016},
   publisher={Pearson Education Limited}
}

@online{url_kredit_regler,
    author      = "DR1",
    title       = "DRs KREDITERINGS- REGLER FOR TVS",
    url        = "\url{https://www.dr.dk/NR/rdonlyres/00221a7b/dpikscstjptklixxdnjgywgeuakhwpog/DR_kreditmanual_050810.pdf}",
    note        = "Juni 2020"
    }

@online{url_process,
    author      = "Lone Borgersen",
    title       = "01 Projekter på ingeniøruddannelserne",
    url         = "\url{https://docs.google.com/document/d/1WTX6gCcVdWI16ITVHCn43YJzeYXZ4BfVIcTonhRWMnk/edit?usp=sharing}",
    note        = "Last accessed 28 May 2021"
}
